2020-11-09T11:24:00.75639 btcusdt {"stream":"btcusdt@depth@100ms","data":{"e":"depthUpdate","E":1604921040749,"s":"BTCUSDT","U":6511117518,"u":6511117589,"b":[["15516.37000000","5.97061300"],["15516.12000000","0.01571900"],["15516.11000000","0.06686400"],["15516.08000000","1.00000000"],["15515.78000000","0.01869700"],["15515.76000000","0.01710800"],["15515.75000000","0.01667900"],["15515.54000000","0.01534700"],["15515.53000000","0.01487500"],["15515.52000000","0.00000000"],["15515.51000000","0.00000000"],["15515.36000000","0.00000000"],["15515.31000000","0.06297200"],["15515.30000000","2.49663900"],["15515.28000000","2.19203500"],["15515.06000000","0.00000000"],["15514.82000000","0.00000000"],["15514.73000000","0.00000000"],["15514.71000000","0.00000000"],["15512.46000000","0.10000000"],["15511.14000000","1.19900000"],["15510.99000000","0.00000000"],["15510.51000000","0.00000000"],["15506.74000000","0.00000000"],["15479.01000000","0.08297000"]],"a":[["15515.31000000","0.00000000"],["15515.52000000","0.00000000"],["15515.71000000","0.00000000"],["15516.38000000","0.00690000"],["15516.39000000","0.00000000"],["15516.69000000","0.00000000"],["15516.74000000","0.00000000"],["15516.79000000","0.00000000"],["15517.29000000","0.00000000"],["15517.44000000","0.00128800"],["15517.45000000","0.00000000"],["15517.86000000","0.00000000"],["15518.78000000","0.00000000"],["15519.66000000","0.00000000"],["15519.70000000","0.00000000"],["15519.82000000","0.20000000"],["15519.96000000","0.00000000"],["15520.01000000","0.00000000"],["15520.22000000","0.00000000"],["15520.29000000","0.00000000"],["15520.30000000","0.00000000"],["15520.92000000","1.61700000"],["15521.17000000","1.58300000"],["15521.30000000","1.74800000"],["15522.17000000","0.00000000"],["15524.95000000","0.00000000"],["15525.13000000","0.00000000"],["15526.12000000","0.00000000"],["15527.93000000","0.13426800"],["15528.26000000","0.25756200"],["15531.90000000","0.00000000"]]}}
2020-11-09T11:24:00.85892 btcusdt {"stream":"btcusdt@depth@100ms","data":{"e":"depthUpdate","E":1604921040849,"s":"BTCUSDT","U":6511117590,"u":6511117628,"b":[["15516.37000000","9.32860300"],["15516.11000000","0.00000000"],["15516.08000000","0.00000000"],["15515.54000000","0.00000000"],["15515.53000000","0.00000000"],["15515.31000000","0.03397200"],["15515.30000000","2.30674600"],["15511.77000000","0.05000000"],["15510.72000000","0.00000000"],["15506.20000000","0.50415600"],["15504.82000000","0.00000000"],["15437.70000000","0.00000000"]],"a":[["15518.60000000","0.00000000"],["15519.82000000","0.00000000"],["15519.83000000","0.00000000"],["15520.18000000","0.00000000"],["15520.53000000","0.01700000"],["15520.79000000","0.05000000"],["15520.88000000","0.01700000"],["15521.00000000","1.01096800"],["15521.42000000","0.20000000"],["15521.75000000","0.10000000"],["15521.94000000","0.00000000"],["15521.98000000","0.00000000"],["15522.33000000","0.12890200"],["15522.38000000","0.00000000"],["15522.65000000","0.00000000"],["15522.80000000","0.01000000"],["15523.20000000","0.01500000"],["15523.34000000","0.00000000"],["15525.05000000","0.00690000"],["15525.52000000","0.00000000"],["15527.97000000","1.00831300"],["15534.14000000","1.06748100"],["17835.41000000","0.00500000"]]}}
2020-11-09T11:24:00.95706 btcusdt {"stream":"btcusdt@depth@100ms","data":{"e":"depthUpdate","E":1604921040949,"s":"BTCUSDT","U":6511117629,"u":6511117649,"b":[["15516.37000000","3.62270300"],["15515.79000000","0.15680600"],["15515.30000000","2.20674600"],["15515.28000000","2.04203500"],["15514.51000000","0.00000000"],["15513.39000000","0.01559400"],["15511.77000000","0.00000000"],["15511.58000000","0.05000000"],["15508.63000000","0.00000000"],["15435.01000000","0.00000000"]],"a":[["15516.87000000","0.12800000"],["15518.52000000","0.01310600"],["15519.86000000","0.00000000"],["15520.79000000","0.00000000"],["15520.91000000","0.05000000"],["15525.22000000","0.00000000"],["15525.31000000","1.56710000"],["15527.15000000","0.13415600"],["15527.71000000","0.30194800"]]}}
2020-11-09T11:24:01.05809 btcusdt {"stream":"btcusdt@depth@100ms","data":{"e":"depthUpdate","E":1604921041049,"s":"BTCUSDT","U":6511117650,"u":6511117684,"b":[["15516.86000000","0.88448700"],["15516.62000000","0.00690000"],["15516.51000000","0.00000000"],["15516.42000000","0.01490400"],["15516.41000000","0.01281400"],["15516.38000000","0.02900000"],["15516.37000000","2.30583900"],["15515.29000000","0.00198300"],["15513.40000000","0.08000000"],["15500.00000000","14.33045700"],["15479.01000000","0.00000000"],["15436.51000000","0.66967300"]],"a":[["15516.38000000","0.00000000"],["15516.87000000","4.38146800"],["15518.78000000","0.25000100"],["15519.90000000","3.27707400"],["15519.91000000","0.20000000"],["15520.47000000","0.03222400"],["15521.42000000","0.00000000"],["15522.30000000","0.00000000"],["15524.16000000","0.12889500"],["15524.23000000","0.00000000"],["15526.17000000","0.00000000"],["15526.98000000","0.00000000"]]}}
2020-11-09T11:24:01.17584 btcusdt {"stream":"btcusdt@depth@100ms","data":{"e":"depthUpdate","E":1604921041149,"s":"BTCUSDT","U":6511117685,"u":6511117709,"b":[["15516.86000000","3.17375700"],["15516.37000000","2.01556300"],["15515.79000000","0.15500000"],["15515.32000000","0.20000000"],["15515.28000000","0.04203500"],["15513.41000000","0.15680600"],["15512.71000000","0.11427900"],["15512.21000000","0.00000000"],["15511.24000000","0.00200000"]],"a":[["15516.87000000","0.58146800"],["15520.91000000","0.00000000"],["15521.00000000","1.00096800"],["15521.13000000","0.05000000"],["15521.48000000","0.01000000"],["15522.14000000","0.00000000"],["15522.80000000","0.00000000"],["15523.20000000","0.00000000"],["15523.28000000","0.01000000"],["15523.68000000","0.76500000"],["17842.58000000","0.91530000"]]}}
2020-11-09T11:24:01.25664 btcusdt {"stream":"btcusdt@depth@100ms","data":{"e":"depthUpdate","E":1604921041249,"s":"BTCUSDT","U":6511117710,"u":6511117723,"b":[["15516.38000000","0.00000000"],["15515.32000000","0.00000000"],["15515.28000000","0.01303500"],["15513.42000000","0.20000000"],["15510.49000000","0.00000000"],["15503.64000000","1.00000000"],["15502.17000000","1.50000000"],["15498.25000000","0.00120000"],["15496.99000000","0.00000000"]],"a":[["15521.75000000","0.00000000"],["15522.41000000","0.00000000"],["15524.56000000","0.00000000"],["15524.86000000","1.00000000"],["17835.41000000","0.00000000"]]}}
2020-11-09T11:24:01.35551 btcusdt {"stream":"btcusdt@depth@100ms","data":{"e":"depthUpdate","E":1604921041349,"s":"BTCUSDT","U":6511117724,"u":6511117736,"b":[["15516.37000000","2.01641900"],["15514.81000000","0.00609300"],["15514.51000000","0.01898000"],["15513.39000000","0.00000000"],["15510.22000000","0.50000000"],["15439.27000000","0.00647600"]],"a":[["15518.52000000","0.00000000"],["15518.95000000","0.00760200"],["15519.89000000","0.10000000"],["15519.96000000","0.01916300"],["15524.46000000","0.00000000"],["15524.56000000","1.25000000"],["15531.03000000","0.01931600"]]}}
2020-11-09T11:24:01.45580 btcusdt {"stream":"btcusdt@depth@100ms","data":{"e":"depthUpdate","E":1604921041449,"s":"BTCUSDT","U":6511117737,"u":6511117738,"b":[["15515.79000000","0.00000000"],["15294.09000000","0.00000000"]],"a":[]}}
2020-11-09T11:24:01.55704 btcusdt {"stream":"btcusdt@depth@100ms","data":{"e":"depthUpdate","E":1604921041549,"s":"BTCUSDT","U":6511117739,"u":6511117742,"b":[["15287.39000000","0.00100000"]],"a":[["15524.56000000","1.25000000"],["17842.58000000","0.92030000"]]}}
2020-11-09T11:24:01.65884 btcusdt {"stream":"btcusdt@depth@100ms","data":{"e":"depthUpdate","E":1604921041649,"s":"BTCUSDT","U":6511117743,"u":6511117750,"b":[["15514.82000000","0.00619200"],["15514.81000000","0.00000000"],["15510.22000000","0.00000000"],["15498.18000000","0.00000000"]],"a":[["15518.32000000","0.32100000"],["15518.95000000","0.00000000"],["15519.53000000","0.00658900"],["15726.97000000","0.00100000"]]}}
2020-11-09T11:24:01.75592 btcusdt {"stream":"btcusdt@depth@100ms","data":{"e":"depthUpdate","E":1604921041749,"s":"BTCUSDT","U":6511117751,"u":6511117752,"b":[],"a":[["15519.90000000","3.53837400"],["15520.05000000","0.50344200"]]}}
2020-11-09T11:24:01.85805 btcusdt {"stream":"btcusdt@depth@100ms","data":{"e":"depthUpdate","E":1604921041849,"s":"BTCUSDT","U":6511117753,"u":6511117760,"b":[["15516.86000000","3.11252200"],["15499.05000000","0.01900000"]],"a":[["15516.87000000","5.82532100"],["15519.96000000","0.00000000"],["15521.99000000","0.01971700"]]}}
2020-11-09T11:24:01.96097 btcusdt {"stream":"btcusdt@depth@100ms","data":{"e":"depthUpdate","E":1604921041950,"s":"BTCUSDT","U":6511117761,"u":6511117768,"b":[["15514.82000000","0.00000000"],["15512.46000000","0.15000000"],["15511.58000000","0.00000000"],["15449.72000000","0.00000000"]],"a":[["15516.87000000","5.82732100"],["15519.53000000","0.00000000"],["15519.90000000","3.27707400"],["15525.43000000","0.19058300"]]}}